@book
{
    Robson1996Active,
    title={Active Galactic Nuclei},
    author={Robson, I.},
    ibsn={978780471950508},
    year={1996},
    publisher={Wiley}
}

@article
{
    AGNhistory,
    title = {A Brief History of Active Galactic Nuclei},
    author = {G. A. Shields},
    year = {1999},
    doi = {10.1086/316378},
    journal = {Publications of the Astronomical Society of the Pacific},
    publisher = {IOP publishing}
}

@article
{
    bhgalaxyformation,
    title={The role of black holes in galaxy formation and evolution},
    author={A. Cattaneo1,2, S. M. Faber3, J. Binney4, A. Dekel5, J. Kormendy6, R. Mushotzky7, A. Babul8, P. N. Best9, M. Brüggen10, A. C. Fabian11, C. S. Frenk12, A. Khalatyan13, H. Netzer14, A. Mahdavi15, J. Silk4, M. Steinmetz1 & L. Wisotzki1},
    year={2009},
    doi={10.1038/nature08135},
    journal={Nature}
}

@online
{
    bhcaltech,
    title={Galaxy Formation Theory},
    author={Andrew J. Benson},
    url={https://ned.ipac.caltech.edu/level5/Sept11/Benson/Bensoncontents.html}
}

@online
{
    synch,
    title={Synchrotron Radiation},
    author={Nave, C. R.},
    url={http://hyperphysics.phy-astr.gsu.edu/hbase/Particles/synchrotron.html}
}

@article
{
    lamor,
    title={On a dynamical theory of the electric and luminiferous medium},
    author={Lamor, J.},
    year={1897},
    journal={Philosophical Transactions of the Royal Society}
}

@online
{
    thompson,
    title={Thompson Scattering},
    author={Fitzpatrick, R.},
    url={http://farside.ph.utexas.edu/teaching/em/lectures/node96.html}
}

@book
{
    Hardcastle,
    title={The Formation and Disruption of Black Hole Jets},
    author={Contopoulos, I., et all},
    isbn={9783319103556},
    year={2015},
    publisher={Springer}
}

@online
{
    compton,
    title={Inverse Compton Scattering},
    author={Astrobaki},
    url={https://casper.berkeley.edu/astrobaki/index.php/Inverse_Compton_Scattering}
}

@online
{
    hcompt,
    title={Compton Scattering},
    author={Nave, C. R.},
    url={http://hyperphysics.phy-astr.gsu.edu/hbase/quantum/comptint.html}
}

@online
{
    eso,
    title={Surfing a Black Hole},
    author={Reinhard Genzel},
    url={http://www.eso.org/public/news/eso0226/}
}

@book
{
    peterson,
    title={An Introduction to Active Galactic Nuclei},
    author={Peterson, B. M.},
    year={1997},
    publisher={Cambridge University Press}
}

@book
{
    radiobook,
    title = {Interferometry and Synthesis in Radio Astronomy},
    author = {A. Richard Thompson, James M. Moran, George W. Swenson Jr.}
    year = {2017}
    publisher = {Springer}
    
@article
{
    coralz,
    title = {The CORALZ sample - I. Young radio-loud active galactic nuclei at low redshift},
    author = {I. A. G. Snellen, K. H. Mack, R. T. Schilizzi, W. Tschager},
    year = {2003},
    journal = {Philosophical Transactions of the Royal Society},
    publisher = {Royal Astronomical Society}
}

@online
{
    artefactpdf,
    title = {Error Recognition and Analysis},
    author = {R. Liang},
    url = {http://www.astron.nl/eris2013/Documents/14_Laing_image_analysis_error_recognition.pdf}
}

@article
{
    artefactpaper,
    title = {Calibration artefacts in radio interferometry - I. Ghost sources in Westerbork Synthesis Radio Telescope data},
    author = {S. J. Wijnholds, and J. D. Bregman},
    year = {2014},
    journal = {Monthly Notices of the Royal Astronomical Society},
    publisher = {Royal Astronomical Society}
}

@book
{
    python,
    title = {Core Python Programming},
    author = {W. J. Chun},
    year = {2006},
    publisher = {Prentice Hall}
}

@article
{
    jetspaper,
    title = {DO JETS PRECESS... OR EVEN MOVE AT ALL?},
    author = {C. Nixon, A. King},
    year = {2013},
    journal = {The Astrophysical Journal Letters},
    publisher = {The American Astronomical Society},
    doi = {1{0.1088/2041-8205/765/1/L7}
}

@article
{
    redjets,
    title = {Near-infrared imaging of the jets and flows associated with Herbig-Haro objects HH 91, HH 110, and HH 111},
    author = {C. J. Davis},
    year = {1994},
    journal = {The Astrophysical Journal Letters},
    publisher = {The American Astronomical Society},
    doi = {10.1086/187681}
}

@article
{
    eventhorizontelescope,
    title = {Imaging the Schwarzschild-radius-scale Structure of M87 with the Event Horizon Telescope using Sparse Modeling},
    author = {K. Akiyama, et all},
    year = {2017},
    journal = {The Journal of Astrophysics},
    publisher = {IOP},
    doi = {10.3847/1538-4357/aa6305}
}

@article
{
    lofar2,
    title = {The LOFAR Two-metre Sky Survey - I. Survey Description and Preliminary Data Release},
    author = {T. W. Shimwell, et all},
    year = {2016},
    journal = {Astronomy and Astrophysics},
    publisher = {EDP Sciences},
    doi = {10.1051/0004-6361/201629313}
}

@article
{
    hatlas,
    title = {LOFAR/H-ATLAS: a deep low-frequency survery of the Herschel-Atlas North Galactic Pole field},
    author = {M. J. Hardcastle, et all},
    year = {2016},
    journal = {Monthly Notices of the Royal Astronomical Society},
    publisher = {Oxford University Press},
    doi = {10.1093/mnras/stw1763}
}

@article
{
    bootes,
    title = {LOFAR 150-MHz observations of the Boötes field: Catalogue and Source Counts},
    author = {W. L. Williams, et all},
    year = {2016},
    journal = {Monthly Notices of the Royal Astronomical Society},
    publisher = {Oxford University Press},
    doi = {10.1093/mnras/stw1056}
}


@article
{
    framedrag,
    title = {Gravitational Field of a Spinning Mass as an Example of Algebraically Special Metrics},
    author = {W. L. Williams, et all},
    year = {2016},
    journal = {Monthly Notices of the Royal Astronomical Society},
    publisher = {Oxford University Press},
    doi = {10.1093/mnras/stw1056}
}

@book
{
    eradio,
    title = {Essential Radio Astronomy},
    author = {J. J. Condon, S. M. Ransom},
    year = {2016},
    publisher = {Princeton University Press}
}

@book
{
    fradio,
    title = {Fundamentals of Radio Astronomy},
    author = {J. M. Marr, R. L. Snell, S. E. Kurtz},
    year = {2015},
    publisher {CRC Press}
}

@article
{
    jetcause,
    title = {Radio-loud AGNs at high redshifts and the cosmic microwave background},
    author = {G. Ghisellini, et all},
    year = {2013},
    journal = {Montly Notices of the Royal Astronomical Society},
    publisher = {Oxford University Press}
}

@book
{
    grav,
    title = {Gravitation},
    author = {C. W. Misner, K. S. Thorne, J. A. Wheeler},
    year = {1973},
    publisher = {Princeton University Press}
}

@online
{
    lofarweb,
    title = {LOFAR Radio Telescope official website},
    author = {Various},
    url = {http://www.lofar.org/}
}

@article
{
    lofararticle,
    title = {LOFAR, a new low frequency radio telescope},
    author = {H. J. A. Rottgering},
    year = {2003},
    journal = {New Astronomy Reviews},
    publisher = {Science Direct}
}

@online
{
    lofaruk,
    title = {LOFAR Radio Telescope UK official website},
    author = {Various},
    url = {http://www.lofar-uk.org/}
}

@online
{
    HETDEX,
    title = {HETDEX offical website},
    author = {Various},
    url = {http://hetdex.org/hetdex.html}
}

@online
{
    x2go,
    title = {X2Go website},
    url = {http://wiki.x2go.org/doku.php}
}

@online
{
    pybdsm,
    title = {pybdsm website},
    url = {http://www.astron.nl/citt/pybdsm/},
}

@article
{
    panstarrs
    title = {The PAN STARRS Project in 2014},
    author = {J. S. Morgan, et all},
    year = {2014},
    journal = {SPIE Proceedings Vol. 9145},
    publisher = {SPIE}
}